<?xml version="1.0" encoding="UTF-8"?><collection><record><leader>02474ntm a2200361 a 4500</leader><controlfield tag="001">002641748</controlfield><controlfield tag="003">MiAaHDL</controlfield><controlfield tag="005">20190719000000.0</controlfield><controlfield tag="006">m        d        </controlfield><controlfield tag="007">cr bn ---auaua</controlfield><controlfield tag="008">930712q16981699xx            00||  ara d</controlfield><datafield tag="035" ind1=" " ind2=" "><subfield code="a">(MiU)002641748</subfield></datafield><datafield tag="035" ind1=" " ind2=" "><subfield code="a">sdr-miu002641748</subfield></datafield><datafield tag="035" ind1=" " ind2=" "><subfield code="a">(OCoLC)34366859</subfield></datafield><datafield tag="035" ind1=" " ind2=" "><subfield code="a">(RLIN)MIUH93-A218</subfield></datafield><datafield tag="040" ind1=" " ind2=" "><subfield code="a">MiU</subfield><subfield code="c">MiU</subfield><subfield code="e">appm</subfield></datafield><datafield tag="100" ind1="1" ind2=" "><subfield code="6">880-01</subfield><subfield code="a">Sanūsī, Muḥammad ibn Yūsuf,</subfield><subfield code="d">approximately 1427-approximately 1490.</subfield></datafield><datafield tag="245" ind1="1" ind2="0"><subfield code="6">880-02</subfield><subfield code="a">Fa-lammā manna Allāh ʻalaynā bi-waḍʻ al-ʻaqīdah al-musammāh bi-ʻAqīdat ahl al-tawḥīd wa-waḍʻ sharḥihā al-musammá bi-ʻUmdat ahl al-tawfīq wa-al-tasdīd ... :</subfield><subfield code="k">manuscript,</subfield><subfield code="f">[1698 or 9].</subfield></datafield><datafield tag="300" ind1=" " ind2=" "><subfield code="a">1</subfield><subfield code="f">v. ([275] p.) ;</subfield><subfield code="c">22 cm.</subfield></datafield><datafield tag="500" ind1=" " ind2=" "><subfield code="a">Text rubricated; ʻunwān on p. [2].</subfield></datafield><datafield tag="500" ind1=" " ind2=" "><subfield code="a">Date, copyist's name, and provenance in colophon: qad waqaʻa al-farāgh min taḥrīr hādhā al-kitāb ... ʻalá yad ... ʻAlī ibn Muḥammad al-sākin fī madrasat Ramaḍān Bāshā al-wāqiʻ fī baladat Kūzalaḥṣār[?] fī yawm al-ithnayn fī waqt al-ḍaḥwah al-kubrá ... sanat ʻashar wa-miʾah wa-alf 1110.</subfield></datafield><datafield tag="520" ind1=" " ind2=" "><subfield code="a">The author's commentary on his ʻUmdat ahl al-tawfīq wa-al-tasdīd, which was his own commentary on his work ʻAqīdat ahl al-tawḥīd al-kubrá, a work on theology.</subfield></datafield><datafield tag="538" ind1=" " ind2=" "><subfield code="a">Mode of access: Internet.</subfield></datafield><datafield tag="541" ind1=" " ind2=" "><subfield code="d">1924</subfield><subfield code="3">Manuscript</subfield><subfield code="a">Anonymous</subfield><subfield code="c">Purchase, 1924</subfield><subfield code="h">$50.00</subfield></datafield><datafield tag="545" ind1=" " ind2=" "><subfield code="a">Sunnī theologian and jurist; a disciple of al-Qalaṣādī.</subfield></datafield><datafield tag="561" ind1=" " ind2=" "><subfield code="a">Purchased in Cairo, 1924. Owner's mark: on p. [1], seal (not identified); once part of the personal manuscript collection of Sultan Abdülhamid II of Turkey.</subfield></datafield><datafield tag="600" ind1="1" ind2="0"><subfield code="6">880-03</subfield><subfield code="a">Sanūsī, Muḥammad ibn Yūsuf,</subfield><subfield code="d">ca. 1427-ca. 1490.</subfield><subfield code="t">ʻUmdat ahl al-tawfīq wa-al-tasdīd.</subfield></datafield><datafield tag="650" ind1=" " ind2="0"><subfield code="a">Islam</subfield><subfield code="x">Doctrines</subfield><subfield code="y">Early works to 1800.</subfield></datafield><datafield tag="650" ind1=" " ind2="0"><subfield code="a">Manuscripts, Arabic</subfield><subfield code="z">Michigan</subfield><subfield code="z">Ann Arbor.</subfield></datafield><datafield tag="700" ind1="0" ind2=" "><subfield code="a">Abdülhamid</subfield><subfield code="b">II,</subfield><subfield code="c">Sultan of the Turks,</subfield><subfield code="d">1842-1918,</subfield><subfield code="e">former owner.</subfield></datafield><datafield tag="773" ind1="0" ind2=" "><subfield code="a">Abdul Hamid Collection.</subfield><subfield code="7">unbc</subfield><subfield code="w">(CStRLIN)MIUH93-A187.</subfield></datafield><datafield tag="880" ind1="0" ind2="4"><subfield code="6">600-03/</subfield><subfield code="a">محمد بن يوسف السنوسي.</subfield><subfield code="t">عمدة أهل التوفيق والتسديد.</subfield></datafield><datafield tag="880" ind1="1" ind2="0"><subfield code="6">245-02/</subfield><subfield code="a">فلما من الله علينا بوضع العقيدة المسماة بعقيدة أهل التوحيد ووضق شرحها المسمى بعمدة أهل التوفيق والتسديد ... :</subfield><subfield code="k">manuscript،</subfield><subfield code="f">[1698 or 9].</subfield></datafield><datafield tag="880" ind1="0" ind2=" "><subfield code="6">100-01/</subfield><subfield code="a">محمد بن يوسف السنوسي.</subfield></datafield><datafield tag="CID" ind1=" " ind2=" "><subfield code="a">002641748</subfield></datafield><datafield tag="DAT" ind1="0" ind2=" "><subfield code="a">20190719102633.0</subfield><subfield code="b">20190719000000.0</subfield></datafield><datafield tag="DAT" ind1="1" ind2=" "><subfield code="a">20190719090653.0</subfield><subfield code="b">2019-07-19T16:10:42Z</subfield></datafield><datafield tag="DAT" ind1="2" ind2=" "><subfield code="a">2015-10-02T18:00:03Z</subfield></datafield><datafield tag="CAT" ind1=" " ind2=" "><subfield code="a">SDR-MIU</subfield><subfield code="d">EX LIBRIS - ALEPH</subfield><subfield code="l">prepare.pl-004-008</subfield></datafield><datafield tag="FMT" ind1=" " ind2=" "><subfield code="a">BK</subfield></datafield><datafield tag="HOL" ind1=" " ind2=" "><subfield code="0">sdr-miu002641748</subfield><subfield code="a">MiU</subfield><subfield code="b">SDR</subfield><subfield code="c">MIU</subfield><subfield code="p">mdp.39015081446380</subfield><subfield code="s">MIU</subfield><subfield code="1">002641748</subfield></datafield><datafield tag="974" ind1=" " ind2=" "><subfield code="b">MIU</subfield><subfield code="c">MIU</subfield><subfield code="d">20190719</subfield><subfield code="s">lit-dlps-dc</subfield><subfield code="u">mdp.39015081446380</subfield><subfield code="y">1699</subfield><subfield code="r">pd</subfield><subfield code="q">bib</subfield><subfield code="t">non-US bib date2 &lt; 1896</subfield></datafield></record></collection>